@article{Shakespeare,
  author = {William Shakespeare},
  title = {Romeo and Juliet.},
  year = {1597},
}